@Article{itkQE,
 title = {{itkQuadEdgeMesh}: A Discrete Orientable 2-Manifold Data Structure for Image Processing},
 author = {Alexandre Gouaillard and Leonardo Florez-Valencia and Eric Boix},
 year = {2006},
 month = {July-December},
 journal = {Insight Journal},
 note = {\url{http://hdl.handle.net/1926/306}}
 }

@article{Gouraud71,
 author = {Henri Gouraud},
 title = {Continuous Shading of Curved Surfaces},
 journal = {IEEE Transaction on Computers},
 volume = {20},
 number = {6},
 year = {1971},
 issn = {0018-9340},
 pages = {623--629},
 doi = {http://dx.doi.org/10.1109/T-C.1971.223313},
 publisher = {IEEE Computer Society},
 address = {Washington, DC, USA},
 }

@article{Thurmer98,
 author = {Grit Th\"{u}rmer and Charles A. W\"{u}thrich},
 title = {Computing vertex normals from polygonal facets},
 journal = {Journal of Graphic Tools},
 volume = {3},
 number = {1},
 year = {1998},
 issn = {1086-7651},
 pages = {43--46},
 publisher = {A. K. Peters, Ltd.},
 address = {Natick, MA, USA},
 }

@article{Jin05,
  author    = {Shuangshuang Jin and Robert R. Lewis and David West},
  title     = {A comparison of algorithms for vertex normal computation},
  journal   = {The Visual Computer},
  volume    = {21},
  number    = {1-2},
  year      = {2005},
  pages     = {71-82},
  ee        = {http://dx.doi.org/10.1007/s00371-004-0271-1},
  bibsource = {DBLP, http://dblp.uni-trier.de}
}
